<?xml version="1.0" encoding="UTF-8"?><collection xmlns="http://www.loc.gov/MARC21/slim"><record><leader>00480nam--2200133-i-4500</leader><controlfield tag="001">000003697</controlfield><controlfield tag="002">20161230</controlfield><controlfield tag="005">20161230201025</controlfield><controlfield tag="008">060222s1000------------r-----000-0-eng-d</controlfield><datafield ind1=" " ind2=" " tag="080"><subfield code="a">621.38(038). 621.323.L</subfield></datafield><datafield ind1=" " ind2=" " tag="100"><subfield code="a">Cooke, Nelson M. And Markus John</subfield></datafield><datafield ind1=" " ind2=" " tag="245"><subfield code="a">Electronics dictionary. an illustrated glossary of over 6ooo terms used in radio, television, industrial electronics, communica tions, facsimile, sound recording</subfield></datafield><datafield ind1=" " ind2=" " tag="260"><subfield code="a">New York, Mcgraw-hill, 1945</subfield></datafield><datafield ind1=" " ind2=" " tag="852"><subfield code="a">D 51</subfield></datafield></record></collection>